@book{kommre,
	author = {I. Lovrek, M. Matijašević, G. Ježić, D. Jevtić},
	title = {Komunikacijske mreže},
	publisher = {FER},
	year = {2019}
}

@misc{GeeksForGeeks:OSI-model,
	author = {GeeksForGeeks},
	title = {{OSI model}},
	year = {2022},
	note = {[Online; accessed May 24, 2022]},
	url = {https://media.geeksforgeeks.org/wp-content/uploads/computer-network-osi-model-layers.png}
}

@misc{NetBurner:TCP-vs-UDP,
	author = {NetBurner},
	title = {{TCP vs UDP}},
	year = {2022},
	note = {[Online; accessed May 25, 2022]},
	url = {https://www.netburner.com/wp-content/uploads/2020/06/TCP-vs-UDP-1024x687.png}
}

@article{GafferOnGames:UDP-vs-TCP,
	title = {{UDP vs TCP}},
	author = {Glenn Fiedler},
	organization = {Network Next},
	year = {2008},
	url = {https://gafferongames.com/post/udp_vs_tcp/}
}

@article{GafferOnGames:ClientServerConnection,
	title = {{Client Server Connection}},
	author = {Glenn Fiedler},
	organization = {Network Next},
	year = {2016},
	url = {https://gafferongames.com/post/client_server_connection/}
}

@article{GafferOnGames:Sending-large-blocks-of-data,
	title = {{Sending Large Blocks of Data}},
	author = {Glenn Fiedler},
	organization = {Network Next},
	year = {2016},
	url = {https://gafferongames.com/post/sending_large_blocks_of_data/}
}

@article{Unity:UNet-SyncVar,
	title = {{UNET SyncVar}},
	author = {Sean Riley},
	organization = {Unity Technologies},
	year = {2014},
	url = {https://blog.unity.com/technology/unet-syncvar}
}

@misc{Unity:NetworkVariable,
	author = {Unity Technologies},
	title = {{Network Variable}},
	year = {2022},
	note = {[Online; accessed June 19, 2022]},
	url = {https://docs-multiplayer.unity3d.com/netcode/current/basics/networkvariable/index.html}
}
